@Misc{nompa-pouillard-11,
  author       = "Nicolas Pouillard",
  title        = "NomPa ({Agda} code)",
  year         = "2011",
  note         = "\url{http://tiny.nicolaspouillard.fr/NomPa.agda}",
}

@Misc{names-for-free-repo,
  author       = "Jean-Philippe Bernardy \and Nicolas Pouillard",
  title        = "Names For Free (code repository)",
  year         = "2013",
  note         = "\url{https://github.com/np/names-for-free}",
}

@Manual{coq,
  title =        {The Coq proof assistant reference manual},
  author =       {\mbox{The Coq development team}},
  organization = {LogiCal Project},
  note =         {Version 8.0},
  year =         {2004},
  url =          "http://coq.inria.fr"
}

@Misc{danielsson-agdalib-11,
  author       = "Nils Anders Danielsson",
  title        = "Agda standard library",
  year         = "2011",
  note         = "\url{http://wiki.portal.chalmers.se/agda/agda.php?n=Libraries.StandardLibrary}",
}
