@String{cacm   = "Communications of the {ACM}"}

@String{tapsoft = "International Joint Conference on Theory and Practice
                 of Software Development ({TAPSOFT})"}

@String{entcs  = "Electronic Notes in Theoretical Computer Science"}

@String{esop   = "European Symposium on Programming ({ESOP})"}

@String{fpca   = "Conference on Functional Programming Languages and
                 Computer Architecture ({FPCA})"}

@String{hs     = "Haskell symposium"}

@String{icfp   = "{ACM} International Conference on Functional Programming
                 ({ICFP})"}

@String{jacm   = "Journal of the {ACM}"}

@String{jfp    = "Journal of Functional Programming"}

@String{csl    = "Computer Science Logic"}

@String{springer = "Springer"}

@String{elsevier = "Elsevier Science"}

@String{lics   = "{IEEE} Symposium on Logic in Computer Science ({LICS})"}

@String{lncs   = "Lecture Notes in Computer Science"}

@String{merlin = "{ACM} Workshop on Mechanized Reasoning about Languages
                 with Variable Binding"}

@String{pepm   = "{ACM} Workshop on Evaluation and Semantics-Based
                 Program Manipulation ({PEPM})"}

@String{pldi   = "{ACM} Conference on Programming Language Design and
                 Implementation ({PLDI})"}

@String{popl   = "{ACM} {S}ymposium on {P}rinciples of {P}rogramming
                 {L}anguages ({POPL})"}

@String{tlca   = "International Conference on Typed Lambda Calculi and
                 Applications ({TLCA})"}

@String{tphol  = "International Conference on Theorem Proving in Higher-Order Logics ({TPHOLs})"}

@InProceedings{floyd-67,
  author       = "R. W. Floyd",
  title        = "Assigning meanings to programs",
  booktitle    = "Mathematical Aspects of Computer Science",
  series       = "Proceedings of Symposia in Applied Mathematics",
  volume       = "19",
  year         = "1967",
  pages        = "19--32",
}

@Article{hoare-69,
  author       = "C. A. R. Hoare",
  title        = "An axiomatic basis for computer programming",
  journal      = cacm,
  volume       = "12",
  number       = "10",
  year         = "1969",
  pages        = "576--580",
  URL          = "http://doi.acm.org/10.1145/363235.363259",
}

@Article{de-bruijn-72,
  author       = "Nicolaas G. de Bruijn",
  title        = "Lambda-Calculus Notation with Nameless Dummies: a Tool
                 for Automatic Formula Manipulation with Application to
                 the {Church-Rosser} Theorem",
  journal      = "Indag. Math.",
  volume       = "34",
  number       = "5",
  year         = "1972",
  pages        = "381--392",
}

@InProceedings{miller-75,
  author = {Miller, Gary L.},
  title = {Riemann's Hypothesis and tests for primality},
  booktitle = {Proceedings of seventh annual ACM symposium on Theory of computing},
  series = {STOC '75},
  year = {1975},
  location = {Albuquerque, New Mexico, USA},
  pages = {234--239},
  numpages = {6},
  doi = {10.1145/800116.803773},
  acmid = {803773},
  publisher = {ACM},
  address = {New York, NY, USA},
}

@Article{diffie-76,
  author    = {Whitfield Diffie and
               Martin E. Hellman},
  title     = {New directions in cryptography},
  journal   = {IEEE Transactions on Information Theory},
  volume    = {22},
  number    = {6},
  year      = {1976},
  pages     = {644-654},
  ee        = {http://doi.ieeecomputersociety.org/10.1109/TIT.1976.1055638},
}

@Article{rivest-78,
 author = {Rivest, R. L. and Shamir, A. and Adleman, L.},
 title = {A method for obtaining digital signatures and public-key cryptosystems},
 journal = {Commun. ACM},
 issue_date = {Feb. 1978},
 volume = {21},
 number = {2},
 month = feb,
 year = {1978},
 issn = {0001-0782},
 pages = {120--126},
 numpages = {7},
 url = {http://doi.acm.org/10.1145/359340.359342},
 doi = {10.1145/359340.359342},
 acmid = {359342},
 publisher = {ACM},
 address = {New York, NY, USA},
 keywords = {authentication, cryptography, digital signatures, electronic funds transfer, electronic mail, factorization, message-passing, prime number, privacy, public-key cryptosystems, security},
}

@Article{rabin-80,
  title = "Probabilistic algorithm for testing primality",
  journal = "Journal of Number Theory",
  volume = "12",
  number = "1",
  pages = "128 - 138",
  year = "1980",
  note = "",
  issn = "0022-314X",
  doi = "10.1016/0022-314X(80)90084-0",
  url = "http://www.sciencedirect.com/science/article/pii/0022314X80900840",
  author = "Michael O Rabin"
}

@Inproceedings{goldwasser-82,
  author    = {Shafi Goldwasser and
               Silvio Micali},
  title     = {Probabilistic Encryption and How to Play Mental Poker Keeping
               Secret All Partial Information},
  booktitle = {STOC},
  year      = {1982},
  pages     = {365-377},
  ee        = {http://doi.acm.org/10.1145/800070.802212},
  crossref  = {DBLP:conf/stoc/STOC14},
  bibsource = {DBLP, http://dblp.uni-trier.de}
}

@Article{goldwasser-84,
  author = {Shafi Goldwasser and Silvio Micali},
  title = {Probabilistic encryption},
  journal = {Journal of Computer and Systems Sciences},
  year = {1984},
  number = {28},
  pages = {270--299}
}

@InProceedings{reynolds-83,
  author       = "John C. Reynolds",
  title        = "Types, Abstraction and Parametric Polymorphism",
  booktitle    = "Information Processing 83",
  publisher    = elsevier,
  year         = "1983",
  pages        = "513--523",
  URL          = "ftp://ftp.cs.cmu.edu/user/jcr/typesabpara.pdf",
}

@Article{dolev-83,
  author={Dolev, D. and Yao, A.},
  journal={Information Theory, IEEE Transactions on}, title={On the security of public key protocols},
  year={1983},
  month={mar},
  volume={29},
  number={2},
  pages={ 198 - 208},
  keywords={Communication system security,Computer science,Cryptography,Decoding,Helium,Information security,Mathematics,National security,Protocols,Public key, Cryptography, Protocols},
  doi={10.1109/TIT.1983.1056650},
  ISSN={0018-9448},
}

@Book{martin-lof-84,
    address = {Naples},
    author = {Martin-L\"{o}f, Per},
    keywords = {type-theory},
    publisher = {Bibliopolis},
    title = {{Intuitionistic Type Theory}},
    year = {1984}
}

@Article{elgamal-85,
  author={Elgamal, T.},
  journal={Information Theory, IEEE Transactions on},
  title={A public key cryptosystem and a signature scheme based on discrete logarithms},
  year={1985},
  month={jul},
  volume={31},
  number={4},
  pages={ 469 - 472},
  keywords={Digital signatures,Galois fields,Helium,Information security,Information systems,Milling machines,Public key,Public key cryptography, Cryptography, Logarithmic arithmetic},
  doi={10.1109/TIT.1985.1057074},
  ISSN={0018-9448},
}

@article{bohm-85,
  author    = {Corrado B{\"o}hm and
               Alessandro Berarducci},
  title     = {Automatic Synthesis of Typed Lambda-Programs on Term Algebras},
  journal   = {Theor. Comput. Sci.},
  volume    = {39},
  year      = {1985},
  pages     = {135-154},
  ee        = {http://dx.doi.org/10.1016/0304-3975(85)90135-5},
  bibsource = {DBLP, http://dblp.uni-trier.de}
}

@InProceedings{mitchell-86,
  author    = {John C. Mitchell},
  title     = {Representation Independence and Data Abstraction},
  booktitle = popl,
  year      = {1986},
  pages     = {263--276},
  URL       = {http://dx.doi.org/10.1145/512644.512669},
}

@InProceedings{wadler-views-87,
  author = {Philip Wadler},
  title = {Views: a way for pattern matching to cohabit with data abstraction},
  booktitle = popl,
  series = {POPL '87},
  year = {1987},
  isbn = {0-89791-215-2},
  location = {Munich, West Germany},
  pages = {307--313},
  numpages = {7},
  url = {http://doi.acm.org/10.1145/41625.41653},
  doi = {http://doi.acm.org/10.1145/41625.41653},
  acmid = {41653},
  publisher = {ACM},
  address = {New York, NY, USA},
}

@InProceedings{wadler-free-89,
  author       = "Philip Wadler",
  title        = "Theorems for free!",
  booktitle    = fpca,
  month        = sep,
  year         = "1989",
  pages        = "347--359",
  URL          = "http://homepages.inf.ed.ac.uk/wadler/papers/free/free.ps.gz",
}

@InProceedings{pfenning-lee-89,
  author       = "Frank Pfenning and Peter Lee",
  title        = "{LEAP}: {A} Language with Eval And Polymorphism",
  booktitle    = tapsoft,
  year         = "1989",
  publisher    = springer,
  series       = lncs,
  volume       = "352",
  pages        = "345--359",
  URL          = "http://dx.doi.org/10.1007/3-540-50940-2_46",
}

@Article{de-bruijn-91,
  author    = {Nicolaas G. de Bruijn},
  title     = {Telescopic Mappings in Typed Lambda Calculus},
  journal   = {Information and Computation},
  volume    = {91},
  number    = {2},
  year      = {1991},
  pages     = {189--204},
  doi       = {10.1016/0890-5401(91)90066-B},
  URL       = {http://citeseerx.ist.psu.edu/viewdoc/download?doi=10.1.1.105.2617&rep=rep1&type=pdf},
}

@Article{moggi-91,
  title={Notions of computation and monads},
  volume={93},
  url={http://linkinghub.elsevier.com/retrieve/pii/0890540191900524},
  number={1},
  journal={Information and Computation},
  publisher={Elsevier},
  author={Moggi, Eugenio},
  year={1991},
  pages={55--92}
}

@InProceedings{altenkirch-93,
  author =      "Thorsten Altenkirch",
  title =       "A Formalization of the Strong Normalization Proof for {System~F} in {LEGO}",
  booktitle =   "Typed Lambda Calculi and Applications",
  year =        "1993",
  url =         "http://www.cs.nott.ac.uk/~txa/publ/tlca93.pdf",
  editor =      "M. Bezem, J.F. Groote",
  series =      "LNCS 664",
  pages =       "13 - 28",
}

@Article{harper-93,
  author = {Robert Harper and Furio Honsell and Gordon Plotkin},
  title = {A Framework for Defining Logics},
  journal = jacm,
  year = {1993},
  pages = {194--204}
}

@Article{bellegarde-94,
  author    = {Fran\c{c}oise Bellegarde and James Hook},
  title     = {Substitution: A Formal Methods Case Study Using Monads and
               Transformations},
  journal   = {Sci. Comput. Program.},
  volume    = {23},
  number    = {2-3},
  year      = {1994},
  pages     = {287-311},
  doi       = "http://dx.doi.org/10.1016/0167-6423(94)00022-0",
  bibsource = {DBLP, http://dblp.uni-trier.de}
}

@InProceedings{chuang-94,
    author = {Tyng-Ruey Chuang},
    title = {A Randomized Implementation of Multiple Functional Arrays},
    booktitle = {In Proceedings of 1994 ACM Conference on Lisp and Functional Programming},
    year = {1994},
    pages = {173--184},
    publisher = {ACM Press}
}

@PhdThesis{stark-94,
  author =       {Ian Stark},
  title =        {Names and Higher-Order Functions},
  school =       {University of Cambridge},
  year =         1994,
  month =        dec,
  note =         {Also available as Technical Report~363, University of
                  Cambridge Computer Laboratory},
  url =          {http://www.inf.ed.ac.uk/~stark/namhof.html},
  pdf =          {http://www.inf.ed.ac.uk/~stark/namhof.pdf},
}

@InProceedings{engler-96,
 author = {Engler, Dawson R. and Hsieh, Wilson C. and Kaashoek, M. Frans},
 title = {`C: a language for high-level, efficient, and machine-independent dynamic code generation},
 booktitle = {Proceedings of the 23rd ACM SIGPLAN-SIGACT symposium on Principles of programming languages},
 series = {POPL '96},
 year = {1996},
 isbn = {0-89791-769-3},
 location = {St. Petersburg Beach, Florida, United States},
 pages = {131--144},
 numpages = {14},
 url = {http://doi.acm.org/10.1145/237721.237765},
 doi = {http://doi.acm.org/10.1145/237721.237765},
 acmid = {237765},
 publisher = {ACM},
 address = {New York, NY, USA},
}

@ARTICLE{oneill-97,
    author = {Melissa O'Neill and F. Warren Burton},
    title = {A New Method for Functional Arrays},
    journal = {Journal of Functional Programming},
    year = {1997},
    volume = {7},
    pages = {1--14}
}

@Article{huet-zipper-97,
  author    = {G{\'e}rard Huet},
  title     = {The Zipper},
  journal   = jfp,
  volume    = {7},
  number    = {5},
  year      = {1997},
  pages     = {549--554},
  URL       = "http://yquem.inria.fr/~huet/PUBLIC/zip.pdf",
}

@InCollection{boneh-98,
  year={1998},
  isbn={978-3-540-64657-0},
  booktitle={Algorithmic Number Theory},
  volume={1423},
  series={Lecture Notes in Computer Science},
  editor={Buhler, JoeP.},
  doi={10.1007/BFb0054851},
  title={The Decision Diffie-Hellman problem},
  url={http://dx.doi.org/10.1007/BFb0054851},
  publisher={Springer Berlin Heidelberg},
  author={Boneh, Dan},
  pages={48-63}
}

@PhdThesis{taha-99,
  author       = "Walid Taha",
  title        = "Multi-stage Programming: Its Theory and Applications",
  school       = "Oregon Graduate Institute",
  year         = "1999",
  month        = nov,
  URL          = "http://www.cs.rice.edu/~taha/publications/thesis/thesis.pdf",
}

@InProceedings{xi-99,
    author = {Hongwei Xi and Dana Scott},
    title = {Dependent Types in Practical Programming},
    booktitle = {In Proceedings of ACM SIGPLAN Symposium on Principles of Programming Languages},
    year = {1999},
    pages = {214--227},
    publisher = {ACM Press}
}

@Article{hanna-99,
  author    = {Keith Hanna},
  title     = {Implementing Theorem Provers in a Purely Functional Style},
  journal   = {J. Funct. Program.},
  volume    = {9},
  number    = {2},
  year      = {1999},
  pages     = {147-166},
  bibsource = {DBLP, http://dblp.uni-trier.de}
}

@InProceedings{altenkirch-reus-99,
  author       = "Thorsten Altenkirch and Bernhard Reus",
  title        = "Monadic Presentations of Lambda Terms Using
                 Generalized Inductive Types",
  booktitle    = csl,
  year         = "1999",
  pages        = "453--468",
  publisher    = springer,
  series       = lncs,
  volume       = "1683",
  URL          = "http://www.cs.nott.ac.uk/~txa/publ/csl99.pdf",
}

@Article{bird-paterson-99,
  title        = "{de Bruijn} Notation as a Nested Datatype",
  author       = "Richard Bird and Ross Paterson",
  URL          = "http://dx.doi.org/10.1017/S0956796899003366",
  journal      = jfp,
  volume       = "9",
  number       = "1",
  pages        = "77--91",
  month        = jan,
  year         = "1999",
}

@InProceedings{fiore-plotkin-turi-99,
  author       = {Marcelo Fiore and Gordon Plotkin and Daniele Turi},
  title        = {Abstract Syntax and Variable Binding (Extended Abstract)},
  Publisher    = {Computer Society Press},
  Booktitle    = lics,
  pages        = {193-202},
  year         = {1999},
}

@InProceedings{honsell-01,
  author       = "Furio Honsell and Marino Miculan and Ivan Scagnetto",
  title        = "An axiomatic approach to metareasoning on nominal
                 algebras in {HOAS}",
  booktitle    = icalp,
  pages        = "963--978",
  year         = "2001",
  volume       = "2076",
  series       = lncs,
  publisher    = springer,
  URL          = "http://www.dimi.uniud.it/~miculan/data/downloads/ICALP01.pdf",
}

@Unpublished{mcbride-derivative,
  author = 	 {Conor McBride},
  title = 	 {The Derivative of a Regular Type is its Type of One-Hole Contexts},
  note = 	 {Unpublished},
  year = {2001},
  URL = "http://strictlypositive.org/diff.pdf",
}

@Article{gabbay-pitts-02,
  author       = "Murdoch J. Gabbay and Andrew M. Pitts",
  title        = "A New Approach to Abstract Syntax with Variable
                 Binding",
  journal      = fac,
  year         = "2002",
  volume       = "13",
  number       = "3--5",
  pages        = "341--363",
  month        = jul,
  URL          = "http://www.cl.cam.ac.uk/~amp12/papers/newaas/newaas-jv.pdf",
  alturl       = "http://www.springerlink.com/link.asp?id=epn028x83rqw00qv",
}

@BOOK{tapl,
  author = {Benjamin C. Pierce},
  title = {Types and Programming Languages},
  publisher = {MIT Press},
  year = 2002,
  plclub = {Yes},
  bcp = {Yes},
  keys = {books},
  homepage = {http://www.cis.upenn.edu/~bcpierce/tapl},
  errata = {http://www.cis.upenn.edu/~bcpierce/tapl/errata.txt}
}

@InProceedings{ambler-02,
  author = {Ambler, Simon and Crole, Roy L. and Momigliano, Alberto},
  title = {Combining Higher Order Abstract Syntax with Tactical Theorem Proving and (Co)Induction},
  booktitle = {Proceedings of the 15th International Conference on Theorem Proving in Higher Order Logics},
  series = {TPHOLs '02},
  year = {2002},
  isbn = {3-540-44039-9},
  pages = {13--30},
  numpages = {18},
  url = {http://dl.acm.org/citation.cfm?id=646529.695204},
  acmid = {695204},
  publisher = {Springer-Verlag},
  address = {London, UK, UK},
}

@InProceedings{shinwell-03,
  author       = "Mark R. Shinwell and Andrew M. Pitts and Murdoch J.
                 Gabbay",
  title        = "{FreshML}: Programming with Binders Made Simple",
  booktitle    = icfp,
  pages        = "263--274",
  year         = "2003",
  month        = aug,
  URL          = "http://www.cl.cam.ac.uk/~amp12/papers/frepbm/frepbm.pdf",
}

@Article{mcbride-03,
 author = {Conor McBride},
 title = {First-order unification by structural recursion},
 journal = {J. Funct. Program.},
 volume = {13},
 number = {6},
 year = {2003},
 issn = {0956-7968},
 pages = {1061--1075},
 doi = {http://dx.doi.org/10.1017/S0956796803004957},
 publisher = {Cambridge University Press},
 address = {New York, NY, USA},
}

@InProceedings{chen-xi-pepm-03,
  author       = "Chiyan Chen and Hongwei Xi",
  title        = "Implementing Typeful Program Transformations",
  booktitle    = pepm,
  year         = "2003",
  month        = jun,
  pages        = "20--28",
  URL          = "http://www.cs.bu.edu/~hwxi/academic/papers/pepm03.pdf",
}

@InProceedings{chen-xi-icfp-03,
  author       = "Chiyan Chen and Hongwei Xi",
  title        = "Meta-Programming through Typeful Code Representation",
  booktitle    = icfp,
  year         = "2003",
  month        = aug,
  pages        = "275--286",
  URL          = "http://www.cs.bu.edu/~hwxi/academic/papers/icfp03.pdf",
}

@Article{mcbride-unif-03,
  author    = {Conor McBride},
  title     = {First-order unification by structural recursion},
  journal   = jfp,
  volume    = {13},
  number    = {6},
  year      = {2003},
  pages     = {1061--1075},
  URL =       {http://strictlypositive.org/unify.ps.gz"},
}

@Article{mcbride-mckinna-04,
 author = {Conor McBride and James McKinna},
 title = {The view from the left},
 journal = {J. Funct. Program.},
 volume = {14},
 issue = {1},
 month = {January},
 year = {2004},
 issn = {0956-7968},
 pages = {69--111},
 numpages = {43},
 url = "http://www.cs.ru.nl/~james/RESEARCH/view-final2004.pdf",
 doi = {10.1017/S0956796803004829},
 acmid = {967496},
 publisher = {Cambridge University Press},
 address = {New York, NY, USA},
}

@InProceedings{adams-04,
  author    = {Robin Adams},
  title     = {Formalized Metatheory with Terms Represented by an Indexed
               Family of Types},
  booktitle = {TYPES},
  year      = {2004},
  pages     = {1-16},
  url       = "http://www.cs.rhul.ac.uk/~robin/coqpts2.pdf",
  ee        = {http://dx.doi.org/10.1007/11617990_1},
  crossref  = {DBLP:conf/types/2004},
  bibsource = {DBLP, http://dblp.uni-trier.de}
}

@Article{urban-04,
  author = {Christian Urban and Andrew M. Pitts and Murdoch J. Gabbay},
  title = {\href{http://www.gabbay.org.uk/papers.html\#nomu-jv}{Nominal Unification}},
  journal = tcs,
  year = {2004},
  volume = {323},
  number = {1--3},
  issn = {0304-3975},
  month = {September},
  pages = {473--497},
  publisher = {Elsevier},
  address = {Essex, UK},
  doi = {10.1016/j.tcs.2004.06.016},
  pdf = {http://www.gabbay.org.uk/papers/nomu-jv.pdf}
}

@InProceedings{cheney-05,
  author       = "James Cheney",
  title        = "Scrap your nameplate",
  booktitle    = icfp,
  month        = sep,
  year         = "2005",
  URL          = "http://homepages.inf.ed.ac.uk/jcheney/publications/cheney05icfp.pdf",
}

@Manual{objective-caml,
  author       = "Xavier Leroy and Damien Doligez and Jacques Garrigue
                 and Didier Rémy and Jérôme Vouillon",
  title        = "The {Objective Caml} system",
  year         = "2005",
  month        = oct,
  URL          = "http://caml.inria.fr/",
}

@TechReport{fresh-ocaml,
  author       = "Mark R. Shinwell and Andrew M. Pitts",
  month        = feb,
  year         = "2005",
  title        = "{Fresh Objective Caml} user manual",
  institution  = "University of Cambridge",
  number       = "621",
  URL          = "http://www.cl.cam.ac.uk/TechReports/UCAM-CL-TR-621.pdf",
}

@InProceedings{elphin-05,
  author       = "Carsten Sch{\"u}rmann and Adam Poswolsky and Jeffrey
                 Sarnat",
  title        = "The $\nabla$-Calculus: Functional programming with
                 higher-order encodings",
  booktitle    = tlca,
  pages        = "339--353",
  year         = "2005",
  volume       = "3461",
  series       = lncs,
  month        = apr,
  publisher    = springer,
  URL          = "http://www.itu.dk/~carsten/papers/nabla.pdf",
}

@InProceedings{donnelly-xi-05,
  author       = "Kevin Donnelly and Hongwei Xi",
  title        = "Combining higher-order abstract syntax with
                 first-order abstract syntax in {ATS}",
  booktitle    = merlin,
  year         = "2005",
  pages        = "58--63",
  URL          = "http://www.cs.bu.edu/~hwxi/academic/papers/merlin05.pdf",
}

@InProceedings{poplmark,
  author       = "Brian E. Aydemir and Aaron Bohannon and Matthew
                 Fairbairn and J. Nathan Foster and Benjamin C. Pierce
                 and Peter Sewell and Dimitrios Vytiniotis and Geoffrey
                 Washburn and Stephanie Weirich and Steve Zdancewic",
  title        = "Mechanized Metatheory for the Masses: The
                 \textsc{PoplMark} Challenge",
  booktitle    = tphol,
  month        = aug,
  year         = "2005",
  series       = lncs,
  volume       = "3603",
  pages        = "50--65",
  publisher    = springer,
  URL          = "http://research.microsoft.com/en-us/people/dimitris/poplmark.pdf",
}

@BOOK{attapl,
  editor = {Benjamin C. Pierce},
  title = {Advanced Topics in Types and Programming Languages},
  publisher = {MIT Press},
  year = 2005,
  plclub = {Yes},
  bcp = {Yes},
  keys = {books},
  homepage = {http://www.cis.upenn.edu/~bcpierce/attapl}
}


@Article{pitts-06,
  author       = "Andrew M. Pitts",
  title        = "Alpha-Structural Recursion and Induction",
  journal      = jacm,
  year         = "2006",
  volume       = "53",
  pages        = "459--506",
  URL          = "http://www.cl.cam.ac.uk/~amp12/papers/alpsri/alpsri.pdf",
}

@Article{erwig-06,
  author = {Martin Erwig and Steve Kollmansberger},
  title = {{Functional Pearls: Probabilistic functional programming in Haskell}},
  journal = {Journal of Functional Programming},
  volume = {16},
  year = {2006},
  pages = {21--34},
  issue = {1},
  doi = {10.1017/S0956796805005721},
  masid = {2508103}
}

@Article{park-06,
    author = {Sungwoo Park and Frank Pfenning and Sebastian Thrun},
    title = {A probabilistic language based on sampling functions},
    journal = {ACM Transactions on Programming Languages and Systems},
    year = {2006}
}

@InProceedings{pottier-alphacaml,
  author       = "Fran\c{c}ois Pottier",
  title        = "An overview of {C$\alpha$ml}",
  month        = mar,
  year         = "2006",
  booktitle    = "ACM Workshop on ML",
  pages        = "27--52",
  volume       = "148",
  number       = "2",
  series       = entcs,
  URL          = "http://gallium.inria.fr/~fpottier/publis/fpottier-alphacaml.pdf",
}

@InProceedings{capretta-06,
  author = {Capretta, Venanzio and Felty, Amy P.},
  title = {Combining de Bruijn indices and higher-order abstract syntax in Coq},
  booktitle = {Proceedings of the 2006 international conference on Types for proofs and programs},
  series = {TYPES'06},
  year = {2007},
  isbn = {3-540-74463-0, 978-3-540-74463-4},
  location = {Nottingham, UK},
  pages = {63--77},
  numpages = {15},
  url = {http://dl.acm.org/citation.cfm?id=1789277.1789282},
  acmid = {1789282},
  publisher = {Springer-Verlag},
  address = {Berlin, Heidelberg},
}

@book{hutton-07,
  author = "Graham Hutton",
  title = "{Programming in Haskell}",
  publisher = "Cambridge University Press",
  month = jan,
  year = 2007
}

@phdthesis{norell-07,
  author  = {Ulf Norell},
  title   = {Towards a practical programming language based on dependent type theory},
  school  = {Department of Computer Science and Engineering, Chalmers University of Technology},
  year    = 2007,
  month   = {September},
  address = {SE-412 96 G\"{o}teborg, Sweden}
}

@InProceedings{chlipala-07,
  author       = "Adam Chlipala",
  title        = "A certified type-preserving compiler from lambda
                 calculus to assembly language",
  booktitle    = pldi,
  month        = jun,
  year         = "2007",
  pages        = "54--65",
  URL          = "http://www.cs.berkeley.edu/~adamc/papers/CtpcPLDI07/CtpcPLDI07.pdf",
}

@InProceedings{guillemette-monnier-07,
  author       = "Louis-Julien Guillemette and Stefan Monnier",
  title        = "A Type-Preserving Closure Conversion in {Haskell}",
  booktitle    = hw,
  pages        = "83--92",
  year         = "2007",
  month        = sep,
  URL          = "http://www.iro.umontreal.ca/~monnier/tcm.pdf",
}

@InProceedings{pottier-lics-07,
  author       = "Fran\c{c}ois Pottier",
  title        = "Static name control for {FreshML}",
  booktitle    = lics,
  year         = "2007",
  month        = jul,
  pages        = "356--365",
  URL          = "http://gallium.inria.fr/~fpottier/publis/fpottier-pure-freshml.pdf",
}

@InProceedings{guillemette-monnier-08,
  author       = "Louis-Julien Guillemette and Stefan Monnier",
  title        = "A Type-Preserving Compiler in {Haskell}",
  booktitle    = icfp,
  month        = sep,
  year         = "2008",
  pages        = "75--86",
  URL          = "http://www-etud.iro.umontreal.ca/~guillelj/icfp08.pdf",
}

@InProceedings{aydemir-08,
  author       = "Brian Aydemir and Arthur {Char\-gu\'e\-raud} and {Benjamin
                 C.} Pierce and Randy Pollack and Stephanie Weirich",
  booktitle    = popl,
  title        = "Engineering Formal Metatheory",
  month        = jan,
  year         = "2008",
  pages        = "3--15",
  URL          = "http://www.cis.upenn.edu/~bcpierce/papers/binders.pdf",
}

@Article{mcbride-paterson-08,
  author       = "Conor McBride and Ross Paterson",
  title        = "Applicative Programming with Effects",
  journal      = jfp,
  year         = "2008",
  volume       = "18",
  number       = "1",
  pages        = "1--13",
  comment      = "http://www.soi.city.ac.uk/~ross/papers/Applicative.pdf",
}

@InProceedings{delphin-08,
  author       = "Adam Poswolsky and Carsten Sch{\"u}rmann",
  title        = "Practical Programming with Higher-Order Encodings and
                 Dependent Types",
  booktitle    = esop,
  pages        = "93--107",
  year         = "2008",
  volume       = "4960",
  series       = lncs,
  month        = mar,
  publisher    = springer,
  URL          = "http://cs-www.cs.yale.edu/homes/poswolsk/papers/delphinESOP08.pdf",
}

@InProceedings{pientka-08,
  author       = "Brigitte Pientka",
  title        = "A type-theoretic foundation for programming with
                 higher-order abstract syntax and first-class
                 substitutions",
  booktitle    = popl,
  month        = jan,
  year         = "2008",
  pages        = "371--382",
  URL          = "http://www.cs.mcgill.ca/~bpientka/papers/hoasfun-short.pdf",
}

@InProceedings{chaum-08,
  author = {David Chaum and Richard Carback and Jeremy Clark and Aleksander Essex and Stefan Popoveniuc and Ronald L. Rivest and Peter Y. A. Ryan and Emily Shen and Alan T. Sherman},
  title = {{Scantegrity II: End-to-End Verifiability for Optical Scan Election Systems using Invisible Ink Confirmation Codes}},
  booktitle = {USENIX Security Symposium},
  year = {2008},
  masid = {4732867}
}

@incollection{bertot-08,
  year={2008},
  isbn={978-3-540-71065-3},
  booktitle={Theorem Proving in Higher Order Logics},
  volume={5170},
  series={Lecture Notes in Computer Science},
  editor={Mohamed, OtmaneAit and Mu\~{n}oz, C\'{e}sar and Tahar, Sofi\`{e}ne},
  title={Canonical Big Operators},
  publisher={Springer Berlin Heidelberg},
  author={Bertot, Yves and Gonthier, Georges and Ould Biha, Sidi and Pasca, Ioana},
  pages={86-101}
}

@InProceedings{adida-08,
 author = {Adida, Ben},
 title = {Helios: web-based open-audit voting},
 booktitle = {Proceedings of the 17th conference on Security symposium},
 series = {SS'08},
 year = {2008},
 location = {San Jose, CA},
 pages = {335--348},
 numpages = {14},
 publisher = {USENIX Association},
 address = {Berkeley, CA, USA},
} 

@article{nanevski-08,
 author = {Nanevski, Aleksandar and Pfenning, Frank and Pientka, Brigitte},
 title = {Contextual modal type theory},
 journal = {ACM Trans. Comput. Logic},
 issue_date = {June 2008},
 volume = {9},
 number = {3},
 month = jun,
 year = {2008},
 issn = {1529-3785},
 pages = {23:1--23:49},
 articleno = {23},
 numpages = {49},
 url = {http://doi.acm.org/10.1145/1352582.1352591},
 doi = {10.1145/1352582.1352591},
 acmid = {1352591},
 publisher = {ACM},
 address = {New York, NY, USA},
 keywords = {Type theory, intuitionistic modal logic, logical frameworks},
}

@Article{delphin-09,
  author       = "Adam Poswolsky and Carsten Sch{\"u}rmann",
  title        = "System Description: {Delphin} -- {A} Functional
                 Programming Language for Deductive Systems",
  journal      = entcs,
  volume       = "228",
  year         = "2009",
  pages        = "113--120",
  URL          = "http://www.itu.dk/~carsten/papers/lfmtp-08.pdf",
}

@InProceedings{altenkirch-09,
  author =       {Peter Morris and Thorsten Altenkirch},
  title =        {Indexed Containers},
  year =         {2009},
  booktitle =    {Twenty-Fourth IEEE Symposium in Logic in Computer Science (LICS 2009)},
}

@InProceedings{atkey-lindley-yallop-09,
  author       = "Robert Atkey and Sam Lindley and Jeremy Yallop",
  title        = "Unembedding Domain-Specific languages",
  booktitle    = hs,
  pages        = "37--48",
  year         = "2009",
  month        = sep,
  URL          = "http://personal.cis.strath.ac.uk/~raa/unembedding.pdf",
}

@InProceedings{atkey-hoas-09,
  author       = "Robert Atkey",
  title        = "Syntax for free: representing syntax with binding
                 using parametricity",
  booktitle    = tlca,
  pages        = "35--49",
  year         = "2009",
  volume       = "5608",
  series       = lncs,
  month        = jul,
  publisher    = springer,
  comment      = "http://personal.cis.strath.ac.uk/~raa/syntaxforfree.pdf",
}

@InProceedings{licata-harper-09,
  author       = "Daniel R. Licata and Robert Harper",
  title        = "A universe of binding and computation",
  booktitle    = icfp,
  month        = sep,
  year         = "2009",
  pages        = "123--134",
  URL          = "http://www.cs.cmu.edu/~drl/pubs/lh09unibind/lh09unibind.pdf",
}

@InProceedings{barthe-09,
  author    = "Gilles Barthe and
               Benjamin Gr{\'e}goire and
               Santiago {Zanella B{\'e}guelin}",
  title     = "Formal Certification of Code-Based Cryptographic Proofs",
  booktitle = "36th ACM SIGPLAN-SIGACT Symposium on
               Principles of Programming Languages, POPL 2009",
  publisher = "ACM",
  year      = "2009",
  pages     = "90--101",
  url       = "http://dx.doi.org/10.1145/1480881.1480894"
}

@Article{ryan-09,
  author={Ryan, P.Y.A. and Bismark, D. and Heather, J. and Schneider, S. and Zhe Xia},
  journal={Information Forensics and Security, IEEE Transactions on},
  title={Pr\^{e}t \`{a} Voter: a Voter-Verifiable Voting System},
  year={2009},
  month={dec.},
  volume={4},
  number={4},
  pages={662 -673},
  keywords={cryptography,government data processing,PrEt a Voter,cryptographic primitives,end-to-end verifiable elections,voter-verifiable voting system,Pr #x00CA,t #x00C0, Voter,End-to-end verifiability,mixnets,open-audit,secret ballot,secure electronic voting,trustworthy voting systems,},
  doi={10.1109/TIFS.2009.2033233},
  ISSN={1556-6013},
}

@Article{audebaud-09,
  title = "Proofs of randomized algorithms in Coq",
  journal = "Science of Computer Programming",
  volume = "74",
  number = "8",
  pages = "568 - 589",
  year = "2009",
  issn = "0167-6423",
  author = "Philippe Audebaud and Christine Paulin-Mohring",
}

@InProceedings{pitts-10,
  author       = "Andrew M. Pitts",
  title        = "Nominal {System} ${T}$",
  booktitle    = popl,
  pages        = "159--170",
  year         = "2010",
  month        = jan,
  URL          = "http://www.cl.cam.ac.uk/~amp12/papers/nomst/nomst-popl.pdf",
}

@InProceedings{pouillard-pottier-10,
 author    = "Nicolas Pouillard and Fran\c{c}ois Pottier",
 title     = "A fresh look at programming with names and binders",
 booktitle = "Proceedings of the 15th ACM SIGPLAN international conference on Functional programming",
 series    = "ICFP '10",
 month     = sep,
 year      = "2010",
 isbn      = "978-1-60558-794-3",
 location  = "Baltimore, Maryland, USA",
 pages     = "217--228",
 numpages  = "12",
 URL       = "http://gallium.inria.fr/~fpottier/publis/pouillard-pottier-fresh-look.pdf",
 doi       = "http://doi.acm.org/10.1145/1863543.1863575",
 acmid     = "1863575",
 publisher = "ACM",
 address   = "New York, NY, USA",
 keywords  = "binders, higher-order abstract syntax, meta-programming, name abstraction, names",
}

@InProceedings{bernardy-10,
  author = {Jean-Philippe Bernardy and Patrik Jansson and Ross Paterson},
  title = {Parametricity and dependent types},
  booktitle = {Proceedings of the 15th ACM SIGPLAN international conference on Functional programming},
  series = {ICFP '10},
  year = {2010},
  isbn = {978-1-60558-794-3},
  location = {Baltimore, Maryland, USA},
  pages = {345--356},
  numpages = {12},
  url = {http://doi.acm.org/10.1145/1863543.1863592},
  doi = {http://doi.acm.org/10.1145/1863543.1863592},
  acmid = {1863592},
  publisher = {ACM},
  address = {New York, NY, USA},
  keywords = {abstraction theorem, free theorems, pure type system},
}

@Article{sato-pollack-10,
  author    = {Masahiko Sato and
               Randy Pollack},
  title     = {External and internal syntax of the lambda-calculus},
  journal   = {J. Symb. Comput.},
  volume    = {45},
  number    = {5},
  year      = {2010},
  pages     = {598-616},
  URL       = "http://homepages.inf.ed.ac.uk/rpollack/export/SatoPollack09.pdf",
  ee        = {http://dx.doi.org/10.1016/j.jsc.2010.01.010},
  bibsource = {DBLP, http://dblp.uni-trier.de}
}

@InProceedings{barthe-10,
  author    = "Gilles Barthe and
               Benjamin Gr{\'e}goire and
               Santiago {Zanella B{\'e}guelin}",
  title     = "Programming Language Techniques for Cryptographic Proofs",
  booktitle = "1st International Conference on Interactive Theorem Proving,
               ITP 2010",
  publisher = "Springer",
  series    = "Lecture Notes in Computer Science",
  volume    = "6172",
  year      = "2010",
  pages     = "115-130",
  doi       = "http://dx.doi.org/10.1007/978-3-642-14052-5_10",
  url       = "http://software.imdea.org/projects/certicrypt/2010.ITP.pdf"
}

@Article{chargueraud-11-ln,
   author = "Arthur {Char\-gu\'e\-raud}",
   title = "The Locally Nameless Representation",
   journal = "Journal of Automated Reasoning",
   publisher = "Springer Netherlands",
   issn = "0168-7433",
   pages = "1-46",
   note = "10.1007/s10817-011-9225-2",
   year = "2011",
   mon = may,
   URL = "http://www.chargueraud.org/research/2009/ln/main.pdf",
}

@InProceedings{weirich-yorgey-sheard-11,
 author    = "Stephanie Weirich and Brent Yorgey and Tim Sheard",
 title     = "Binders Unbound",
 booktitle = "Proceedings of the 16th ACM SIGPLAN international conference on Functional programming",
 series    = "ICFP '11",
 month     = sep,
 year      = "2011",
 pages     = "333--345",
 location  = "Tokyo, Japan",
 URL       = "http://www.cis.upenn.edu/~byorgey/papers/binders-unbound.pdf",
 publisher = "ACM",
 keywords  = "generic programming, Haskell, name binding, patterns",
}

@InProceedings{pouillard-11,
 author    = "Nicolas Pouillard",
 title     = "Nameless, Painless",
 booktitle = "Proceedings of the 16th ACM SIGPLAN international conference on Functional programming",
 series    = "ICFP '11",
 month     = sep,
 year      = "2011",
 pages     = "320--332",
 location  = "Tokyo, Japan",
 URL       = "http://nicolaspouillard.fr/publis/nameless-painless.pdf",
 publisher = "ACM",
 keywords  = "names, binders, meta-programming, name abstraction, de Bruijn indices",
}

@Article{pollack-sato-ricciotti-11,
  author       = "Randy Pollack and Masahiko Sato and Wilmer Ricciotti",
  title        = "A Canonical Locally Named Representation of Binding",
  month        = may,
  year         = "2011",
  journal      = jar,
  pages        = "1--23",
  URL          = "http://homepages.inf.ed.ac.uk/rpollack/export/PollackSatoRicciottiJAR.pdf",
}

@InProceedings{cortier-11,
 author={Cortier, V. and Smyth, B.},
 booktitle={Computer Security Foundations Symposium (CSF), 2011 IEEE 24th}, title={Attacking and Fixing Helios: An Analysis of Ballot Secrecy},
 year={2011},
 month={june},
 pages={297 -311},
 ISSN={1940-1434},
}

@InProceedings{cave-12,
  author       = "Andrew Cave and Brigitte Pientka",
  title        = "Programming with Binders and Indexed Data-Types",
  booktitle    = popl,
  month        = jan,
  year         = "2012",
  URL          = "http://www.cs.mcgill.ca/~bpientka/papers/recursive-types.pdf",
  pages        = "413--424",
}

@PhdThesis{pouillard-12,
  author = 	 {Nicolas Pouillard},
  title = 	 {A unifying approach to safe programming with first-order syntax with binders},
  school = 	 {Universit\'e Paris 7},
  month =        jan,
  year = 	 {2012},
  URL =          {http://nicolaspouillard.fr/publis/namely-painless-defense-version.pdf},
}

@InProceedings{barthe-12,
  author    = "Michael Backes and
               Gilles Barthe and
               Matthias Berg and
               Benjamin Gr\'egoire and
               C\'esar Kunz and
               Malte Skoruppa and
               Santiago Zanella B\'eguelin",
  title     = "Verified security of Merkle-Damgard",
  booktitle = "24th IEEE Computer Security Foundations
               Symposium, CSF 2012",
  publisher = "IEEE",
  year      = "2012",
  note      = "To appear",
  url       = "http://software.imdea.org/projects/certicrypt/2012.CSF.pdf"
}

@Misc{bound-kmett-12,
  author       = "Edward Kmett",
  title        = "Bound: Making {de~Bruijn} {Succ} less",
  year         = "2012",
  note         = {{Haskell} package},
  url          = "http://hackage.haskell.org/package/bound"
}
